635 931
174 65 228 77 Furti(
241 65 324 78 LETTERS
336 66 361 78 OF
372 66 441 78 CICERO
529 66 543 78 13

70 112 117 126 quam
132 107 197 126 primum
212 112 286 123 recurras.
309 108 335 123 Sin
350 110 401 123 autem
416 108 449 123 sine
464 108 544 123 Britannia

69 135 122 147 tamen
130 132 195 152 adsequi
203 133 245 151 quod
254 133 324 148 volumus
334 138 421 152 possumus,
429 133 486 152 perfice
496 135 512 148 ut
522 133 543 148 sis

70 158 86 173 in
93 158 194 173 familiaribus
203 158 279 173 Caesaris.
302 158 369 173 Multum
376 161 392 173 te
400 158 415 173 in
423 163 442 174 eo
449 159 497 173 frater
502 159 543 174 adiu-

69 183 113 199 vabit
124 188 172 202 meus,
185 183 250 199 multum
264 184 333 202 Balbus;
349 184 381 202 sed,
394 184 432 198 mihi
443 184 494 202 crede,
508 186 543 199 tuus

69 209 120 228 pudor
127 211 142 224 et
148 209 192 224 labor
197 209 284 228 plurimum,
303 210 414 228 Imperatorem
421 209 543 224 liberalissimum

69 234 123 252 habes,
138 236 205 249 aetatem
223 234 374 253 opportunissimam,
392 234 542 249 commendationem

69 261 111 274 certe
121 259 219 278 singularem,
230 261 247 274 ut
257 259 285 274 tibi
297 264 344 273 unum
355 259 440 274 timendum
450 259 470 274 sit
480 264 500 274 ne
509 259 542 278 ipse

69 284 98 299 tibi
109 284 178 299 defuisse
189 284 255 299 videare.

233 344 262 358 2⁸.
281 345 375 361 (umam.)

154 385 175 398 Μ,
189 384 265 398 CICERO
279 385 294 398 s.
305 385 323 398 D.
335 385 350 398 c.
365 384 457 398 CURlONL

91 423 194 443 Epistularum
209 428 266 443 genera
277 423 326 438 multa
340 428 374 438 esse
386 428 417 438 non
429 423 499 443 ignoras;
514 424 542 439 sed

69 453 116 463 unum
122 445 162 463 ‘illud
173 448 279 467 certissimum,
288 448 332 463 cuius
342 453 389 463 eausa
400 448 462 463 inventa
472 453 497 463 res
508 448 541 468 ipsa

68 476 97 492 est,
105 476 122 488 ut
129 473 203 488 certiores
209 474 296 488 taceremus
303 474 380 492 absentes,
387 474 400 488 si
408 474 445 493 quid
453 476 495 488 esset
500 474 542 492 quod

68 503 96 513 eos
104 499 143 513 seire
151 501 177 513 aut
185 501 237 514 nostra
245 501 272 513 ant
280 499 347 518 ipsorum
357 499 443 514 interesset.
465 499 489 513 Tu
497 499 543 513 huius

68 524 130 543 generis
137 524 196 538 litteras
204 529 213 538 a
221 528 245 538 me
253 524 323 543 profecto
330 529 360 538 non
367 526 452 543 exspectas.
474 524 542 538 'suarum

68 549 109 564 enim
116 554 166 564 rerum
175 549 269 564 domesticos
277 549 326 564 habes
334 551 349 564 et
357 549 439 568 scriptores
445 552 461 564 et
469 549 531 564 nuntios
538 555 542 567 ς

68 574 85 588 in
93 574 131 589 meis
139 576 190 589 autern
198 574 244 589 rebus
252 574 290 589 nihil
298 577 322 589 est
328 579 365 589 sane
372 574 411 589 novi.
435 574 501 593 Reliqua
507 577 543 589 sunt

68 599 168 618 epistularum
180 604 237 618 genera
248 599 279 614 duo
290 604 329 618 quae
338 604 361 614 me
371 604 427 618 magno
437 604 484 618 opere
494 599 543 614 delec—

69 627 110 639 tant:
121 629 169 639 unum
177 624 252 639 familiare
262 627 278 639 et
288 625 362 642 iocosum,
371 624 436 639 alterum
447 629 517 639 severum
527 627 543 639 et

68 654 120 669 grave.
153 650 193 664 Utro
208 654 232 664 me
248 650 298 664 minus
312 650 367 664 deceat
382 649 404 664 uti
419 654 450 664 non
465 649 542 669 intellego⁴

69 675 134 696 Iossffle
146 677 197 689 tecum
210 679 238 694 per
251 675 320 689 litteras?
342 675 395 690 Civem
410 675 497 689 mehercule
512 680 543 690 non

69 702 106 719 puto
116 704 151 714 esse
162 699 188 719 qui
198 700 294 719 temporibus
305 699 329 714 his
339 700 388 714 ridere
398 700 452 719 possit
475 701 499 714 An
510 705 543 719 gra-

69 725 103 739 vius
111 725 170 744 aliquid
177 725 253 740 scribam?
275 725 317 743 Quid
325 727 349 739 est
355 725 396 744 quod
404 725 453 744 possit
460 725 527 744 graviter
534 730 543 740 a

70 750 145 765 Cicerone
153 750 200 765 scribi
206 750 226 764 ad
232 750 315 765 Curionem
324 750 353 764 nisi
359 750 379 765 de
385 754 401 764 re
408 749 480 769 publica?
495 750 543 769 Atqui

69 774 86 790 in
96 775 126 790 hoc
135 780 192 795 genere
202 775 241 790 haec
251 780 286 790 mea
296 780 343 790 causa
353 777 381 793 est,
390 777 407 790 ut
417 780 466 794 neque
476 780 495 790 ea
504 780 543 794 quae

70 800 121 815 sentio
127 800 197 818 audeam,
203 805 253 819 neque
258 805 277 815 ea
282 805 321 819 quae
327 805 358 814 non
365 800 415 815 sentio
420 800 465 814 velim
471 800 543 815 scribere*

91 825 143 843 Quam
159 825 179 840 ob
196 829 232 843 rem,
249 825 321 843 quoniam
338 824 375 839 mini
391 824 449 839 nullum
466 824 544 839 scribendi

552 453 567 462 xo

553 580 568 593 ¹5

553 705 569 714 ιο

553 829 569 842 ²5
