635 931
181 58 235 70 FlFTv
249 58 331 70 LETTERS
344 58 368 70 OF
379 58 449 71 CICERO
536 59 551 71 25

78 103 129 115 autem
137 100 191 115 salutis
198 100 277 120 pertenuis
285 100 375 115 ostenditur.
393 100 454 116 Inimici
460 103 497 115 sunt
502 101 550 119 multi,

78 125 126 140 invidi
136 130 187 144 paene
198 130 256 140 ornnes.
279 125 332 140 Eieere
344 130 372 141 nos
380 130 453 145 magnum
460 126 494 144 tuit,
501 126 551 141 exclu-

77 151 114 166 dere
119 150 165 166 facile
171 153 199 166 est
222 151 253 166 Sed
259 153 315 169 tamen,
322 156 368 170 quam
374 151 401 166 diu
409 156 436 166 vos
444 151 487 166 eritis
494 151 510 166 in
518 156 550 171 spe,

77 181 108 191 non
116 176 191 194 deficiam,
200 181 219 191 ue
227 176 279 191 omnia
287 181 321 191 mea
328 177 374 196 culpa
381 176 457 191 cecidisse
464 176 550 192 videantur.

98 202 120 217 Ut
127 204 161 216 tuto
169 201 203 219 sim,
211 201 253 221 quod
261 201 327 220 laboras,
336 202 352 216 id
363 201 401 216 mihi
409 206 450 217 nunc
461 202 551 217 facillimum
569 205 575 218 5

77 229 105 245 est,
112 231 157 246 quern
164 226 210 241 etiarn
216 227 274 242 inimici
280 227 334 242 volunt
340 227 391 242 vivere
399 227 414 242 in
423 227 447 242 his
452 227 500 242 tantis
507 227 551 242 mise-

76 251 110 270 τῆς
121 256 150 271 ego
161 254 212 267 tamen
223 252 280 267 faciam
291 257 331 271 quae
344 252 425 271 praecipis.
448 252 506 267 Amicis
518 252 551 271 qui-

76 277 106 292 bus
115 277 177 292 voluisti
188 277 212 297 egi
222 277 284 296 gratias,
292 279 308 292 et
319 282 346 292 eas
357 277 415 292 litteras
427 277 499 296 Dexippo
510 277 550 295 dedi,

76 307 132 321 meque
143 302 163 317 de
175 307 227 317 eorum
240 302 291 317 officio
302 302 357 322 scripsi
372 307 381 317 a
392 305 408 317 te
420 302 500 317 certiorem
515 307 550 317 esse

75 327 138 342 iactum.
161 327 232 342 Pisonem
241 330 309 342 nostrum
320 327 383 342 mirifico
391 332 426 342 esse
436 327 488 342 studio
495 327 511 342 in
521 332 550 342 nos
561 332 575 341 ιο
585 343 587 345 ,

76 355 91 367 et
103 352 153 367 officio
165 355 180 367 et
192 357 221 372 ego
233 352 309 372 perspicio
319 355 335 367 et
346 357 400 367 omnes
412 352 506 372 praedicant.
530 352 550 367 Di

75 377 125 392 faxint
137 380 154 392 ut
165 377 192 392 tali
204 382 262 397 genero
277 377 314 392 mihi
326 378 403 397 praesenti
414 380 464 392 tecum
477 377 522 392 simul
534 380 550 392 et

75 407 110 417 curn
122 402 175 417 liberis
186 403 242 418 nostris
253 402 283 417 frui
294 403 348 418 liceat!

96 428 142 443 Nunc
153 432 189 447 spes
200 428 260 447 reliqua.
270 430 294 443 est.
308 428 324 442 in
339 428 383 443 novis
394 428 460 443 tribunis
473 428 493 447 pl.
506 430 522 442 et
533 428 549 442 in

75 453 128 472 primis
139 453 201 472 quidem
211 453 275 471 diebus;
287 458 327 471 nam,
336 453 349 468 si
357 453 449 471 inveterarit,
458 455 509 468 actum
519 455 548 468 est.
559 457 574 471 ις

75 478 98 493 Ea
109 483 126 493 re
135 478 155 493 ad
165 480 180 493 te
191 478 243 493 statim
254 478 361 493 Aristocritum
371 478 410 496 misi,
419 480 436 493 ut
445 478 465 493 ad
478 483 502 493 rue
514 483 549 493 con-

74 503 118 518 tiuuo
133 503 177 518 initia
187 508 237 518 rerum
252 506 268 518 et
279 503 354 518 rationem
368 503 416 518 totius
430 503 483 523 negoti
494 508 548 522 posses

74 528 151 547 scribere5
163 528 192 543 etsi
201 528 272 547 Dexippo
282 533 348 547 quoquev
355 528 376 543 ita
386 528 460 547 imperavi
470 529 522 543 statim
532 531 548 543 ut

74 555 163 571 recurreret,
176 556 191 568 et
205 553 225 568 ad
237 553 300 568 tratrem
315 553 350 568 misi
363 555 379 568 ut
391 554 445 568 erebro
459 553 548 568 tabellarios

74 578 145 593 mitteret.
168 579 208 593 Nam
223 583 252 598 ego
267 583 286 593 eo
297 578 359 593 nomine
371 583 405 593 sum
420 578 506 598 Dyrrhachi
519 579 547 593 hoc
557 583 573 592 πο

74 605 147 623 tempore,
159 606 176 618 ut
188 608 234 623 quam
245 603 324 618 celerrime
336 603 373 623 quid
386 606 440 623 agatur
453 603 520 622 audiam,
532 606 548 618 et

74 633 108 643 sum
116 631 156 647 tuto3
168 628 222 644 civitas
230 629 271 643 enim
279 629 317 644 haee
324 633 385 648 semper
395 633 404 643 a
411 633 436 643 me
443 629 509 644 detensa
519 631 546 644 est⁴

75 654 114 669 Cum
127 654 185 668 inimici
199 654 248 669 nostri
260 654 312 669 venire
325 654 399 672 dicentur,
412 656 445 668 tum
457 653 472 668 in
485 654 547 673 Epirum

74 679 104 694 iba

95 704 142 722 Quod
150 704 205 719 scribis
213 706 232 722 te,
240 704 254 719 si
261 704 311 722 velim,
318 704 338 719 ad
346 709 370 719 me
378 706 462 722 venturam,
469 709 498 723 ego
506 708 547 722 vero,
557 707 573 721 τε

74 734 109 744 eum
119 729 167 744 sciam
178 734 248 748 magnam
256 732 316 748 partem
324 729 368 744 istius
380 729 432 744 oneris
439 729 468 744 abs
478 731 494 744 te
504 729 547 744 susti-

74 754 111 772 neri,
120 756 134 769 te
146 754 181 769 istie
191 759 226 769 esse
238 754 277 769 volo.
300 754 316 769 Si
327 754 401 773 perficitis
411 754 454 773 quod
464 754 514 773 agitis,
523 758 547 769 me

74 779 94 794 ad
101 784 129 794 vos
136 779 189 794 venire
197 782 257 799 oportet
265 785 268 798 ς
279 779 303 794 sin
311 779 421 795 autem——sed
431 779 469 794 nihil
477 784 516 799 opus
524 782 547 794 est

74 804 132 823 reliqua
147 804 218 820 scribere.
242 805 264 819 Ex
279 804 332 824 primis
345 807 371 819 aut
384 809 461 819 summum
475 804 547 819 secundis
