635 931
170 62 225 75 FIFTY
238 62 320 74 LETTERS
333 62 357 74 OF
369 62 438 75 CICERO
526 62 540 75 15

67 105 103 120 Non
111 104 152 119 enirn
160 104 250 120 dubitabam
258 105 295 123 quin
303 109 330 119 eas
338 104 404 119 libenter
411 104 479 119 lecturus
486 109 529 120 esses
536 111 540 122 ς

66 130 131 145 verebar
146 132 163 144 ut
177 130 281 144 redderentur.
304 129 363 145 Bellum
376 129 417 149 quod
432 132 456 145 est
468 130 483 144 in
497 130 541 149 Syria

67 155 158 175 Syriamque
169 154 263 174 provinciam
271 154 299 169 tibi
307 155 379 170 tributam
387 159 422 170 esse
430 160 439 169 a
447 155 514 170 Caesare
522 160 541 170 ex

65 180 97 195 tuis
105 179 160 195 litteris
167 180 237 199 cognovi.
260 180 297 194 &m
306 179 368 199 quidem
374 184 407 194 rem
417 180 446 194 tibi
456 180 491 195 volo
500 180 540 195 bene

66 207 82 220 et
93 205 160 220 feliciter
171 205 243 223 evenire;
257 205 299 224 quod
311 205 333 219 ita
344 205 378 219 iore
390 205 453 220 confido
464 205 513 220 fretus
525 208 540 220 et

66 230 143 245 industria
150 232 166 245 et
173 230 255 249 prudentia
262 232 293 245 tua.

88 255 124 273 Sed,
132 255 152 270 de
163 255 230 270 Parthici
241 255 277 270 belli
285 255 374 274 suspicione
383 255 425 274 quod
435 255 494 273 scribis,
503 260 540 270 sane

66 285 91 295 me
99 280 187 295 commovit.
209 280 252 298 Quid
257 280 336 299 copiarum
345 280 414 298 haberes,
423 285 457 295 cum
465 280 498 299 ipse
506 285 541 295 con-

66 305 126 320 iectura
133 305 207 324 consequi
218 307 291 324 poteram,
299 307 331 320 tum
339 310 358 320 ex
366 305 396 320 tuis
405 305 459 320 litteris
469 305 539 325 cognovi.

67 331 122 349 Itaque
130 332 167 349 opto
174 335 194 345 ne
201 335 218 345 se
228 330 254 345 illa
263 335 302 350 gens
312 332 373 345 moveat
382 330 412 345 hoc
422 332 495 349 tempore,
504 331 540 345 dum

66 355 86 370 ad
94 358 109 370 te
117 355 186 375 legiones
193 360 221 370 eae
227 355 331 374 perducantur
337 360 376 374 quas
382 355 428 370 audio
434 355 474 370 duci.
493 355 540 374 Quod

66 380 80 395 si
91 385 136 399 pares
148 380 201 399 copias
209 380 229 395 ad
240 380 354 399 confligendum
366 385 397 395 non
409 380 477 398 habebis,
486 385 517 395 non
525 382 540 395 te

65 405 115 425 fugiet
123 405 145 420 uti
152 405 218 420 consiiio
226 406 248 420 M.
256 405 310 423 Bibuli,
317 405 344 424 qui
350 410 367 420 se
373 405 431 424 oppido
437 405 540 420 munitissimo

66 433 82 445 et
89 430 196 449 copiosissimo
206 432 237 445 tarn
248 430 275 445 diu
285 430 334 445 tenuit
345 435 390 449 quam
401 430 427 445 diu
436 430 450 445 in
461 430 540 449 provincia

67 455 119 470 Parthi
126 455 193 470 fuerunt.

88 481 119 495 Sed
132 480 171 495 haee
183 480 237 495 melius
250 485 269 495 ex
282 485 298 495 re
311 483 327 495 et
338 485 357 495 ex
367 483 436 500 ternpore
449 480 539 495 constitues.

66 506 107 521 Mihi
118 505 180 525 quidem
192 510 242 525 usque
253 510 299 521 curae
310 505 340 520 erit
352 505 388 525 quid
401 510 443 525 agas,
454 506 490 520 dum
502 506 539 524 quid

65 530 116 550 egeris
131 531 185 546 sciero.
207 531 274 546 Litteras
290 531 310 546 ad
325 533 340 545 te
355 535 438 550 numquam
453 531 500 545 habui
515 531 539 545 eui

66 556 123 574 darem,
135 556 172 575 quin
184 556 257 571 dederim.
280 556 294 570 Α
305 558 320 570 te
332 558 349 570 ut
360 556 400 570 idem
411 556 459 571 facias
471 558 512 575 peto,
524 556 539 570 in

66 581 150 600 primisque
163 583 179 595 ut
191 581 212 595 ita
222 580 242 595 ad
252 583 287 595 tuos
298 580 357 595 scribas
370 583 387 595 ut
399 585 423 595 me
435 583 477 595 tuum
490 580 539 595 sciam

66 610 105 621 esse.

228 645 258 659 ³1.
277 646 320 661 (Fam.
327 646 351 658 rx.
359 645 376 661 ι.)

183 683 258 696 CICERO
272 682 366 696 VARRONI
381 683 423 696 sm„

87 720 110 734 Ex
120 719 139 734 iis
149 719 204 734 litteris
214 724 254 738 quas
264 719 325 734 Atticus
335 724 345 734 a
356 721 371 734 te
381 719 437 734 missas
447 719 484 734 mihi
497 719 538 739 legit,

65 745 103 764 quid
114 749 167 764 ageres
179 747 194 759 et
206 744 232 759 ubi
244 749 287 759 esses
297 744 373 764 eognovi;
385 745 448 763 quando
461 747 511 759 autern
523 747 538 759 te

65 770 112 785 visuri
119 774 193 787 essemus,
202 769 240 784 nihil
247 774 284 784 sane
290 774 309 784 ex
317 769 371 784 iisdem
378 769 433 784 litteris
439 769 482 789 potui
490 769 538 789 suspi-

65 795 100 810 cari.
131 796 149 810 In
166 800 209 814 spem
224 797 276 810 tamen
290 795 337 809 venio
352 795 476 814 appropinquare
495 797 537 809 tuum

65 820 158 837 adventum:
177 820 203 839 qui
223 820 260 834 mihi
279 820 338 834 utinam
357 819 415 834 solacio
431 819 455 838 sit,
470 820 499 837 etsi
516 822 538 835 tot

551 335 565 343 ιο

550 459 565 472 ¹5

549 585 565 593 ιο

547 799 563 812 ²5
